[gd_scene load_steps=7 format=2]

[ext_resource path="res://game/user_interface/HUD.gd" type="Script" id=1]
[ext_resource path="res://assets/textures/user_interface/skills/on_cooldown.png" type="Texture" id=2]
[ext_resource path="res://assets/textures/user_interface/hud/bars_under.png" type="Texture" id=3]
[ext_resource path="res://assets/textures/user_interface/hud/hpbar.png" type="Texture" id=4]
[ext_resource path="res://assets/textures/user_interface/hud/manabar.png" type="Texture" id=5]
[ext_resource path="res://assets/textures/user_interface/hud/bars_overlay.png" type="Texture" id=6]

[node name="HUD" type="Control"]
anchor_right = 1.0
anchor_bottom = 1.0
script = ExtResource( 1 )

[node name="debug" type="Control" parent="."]
editor/display_folded = true
visible = false
margin_right = 40.0
margin_bottom = 40.0

[node name="status" type="Label" parent="debug"]
margin_right = 40.0
margin_bottom = 40.0
mouse_filter = 0
size_flags_vertical = 1

[node name="hp" type="Label" parent="debug"]
margin_left = 2.0
margin_top = 57.0
margin_right = 42.0
margin_bottom = 97.0
mouse_filter = 0
size_flags_vertical = 1

[node name="skill" type="Label" parent="debug"]
margin_left = 939.0
margin_top = 3.0
margin_right = 979.0
margin_bottom = 43.0
mouse_filter = 0
size_flags_vertical = 1

[node name="skills" type="Control" parent="."]
editor/display_folded = true
anchor_top = 1.0
anchor_right = 1.0
anchor_bottom = 1.0
margin_left = 10.0
margin_top = -170.0
margin_right = 10.0
margin_bottom = -70.0
rect_scale = Vector2( 0.7, 0.7 )
size_flags_vertical = 13

[node name="skill_a" type="TextureProgress" parent="skills"]
anchor_top = 1.0
anchor_bottom = 1.0
margin_left = 149.0
margin_right = 326.0
margin_bottom = 176.0
rect_rotation = 45.0
rect_scale = Vector2( 0.275, 0.275 )
max_value = 1.0
step = 0.01
value = 1.0
texture_progress = ExtResource( 2 )
fill_mode = 5
nine_patch_stretch = true

[node name="skill_b" type="TextureProgress" parent="skills"]
anchor_top = 1.0
anchor_bottom = 1.0
margin_left = 218.0
margin_top = -69.0
margin_right = 474.0
margin_bottom = 187.0
rect_rotation = 45.0
rect_scale = Vector2( 0.275, 0.275 )
max_value = 1.0
step = 0.01
value = 1.0
texture_progress = ExtResource( 2 )
fill_mode = 5

[node name="skill_x" type="TextureProgress" parent="skills"]
anchor_top = 1.0
anchor_bottom = 1.0
margin_left = 80.0
margin_top = -69.0
margin_right = 336.0
margin_bottom = 187.0
rect_rotation = 45.0
rect_scale = Vector2( 0.275, 0.275 )
max_value = 1.0
step = 0.01
value = 1.0
texture_progress = ExtResource( 2 )
fill_mode = 5

[node name="skill_y" type="TextureProgress" parent="skills"]
anchor_top = 1.0
anchor_bottom = 1.0
margin_left = 149.0
margin_top = -138.0
margin_right = 405.0
margin_bottom = 118.0
rect_rotation = 45.0
rect_scale = Vector2( 0.275, 0.275 )
max_value = 1.0
step = 0.01
value = 1.0
texture_progress = ExtResource( 2 )
fill_mode = 5

[node name="stat" type="Control" parent="."]
margin_left = 14.0
margin_top = 7.0
margin_right = 334.0
margin_bottom = 130.0

[node name="bars_under" type="TextureRect" parent="stat"]
margin_right = 579.0
margin_bottom = 90.0
texture = ExtResource( 3 )
expand = true

[node name="hp" type="TextureProgress" parent="stat"]
margin_left = 9.0
margin_top = 3.0
margin_right = 578.0
margin_bottom = 54.0
value = 100.0
rounded = true
texture_progress = ExtResource( 4 )
nine_patch_stretch = true

[node name="mp" type="TextureProgress" parent="stat"]
margin_left = 8.0
margin_top = 53.0
margin_right = 249.0
margin_bottom = 87.0
value = 100.0
texture_progress = ExtResource( 5 )
nine_patch_stretch = true

[node name="bars_overlay" type="TextureRect" parent="stat"]
margin_right = 587.0
margin_bottom = 90.0
texture = ExtResource( 6 )
expand = true

[node name="status" type="ReferenceRect" parent="stat"]
margin_top = 93.0
margin_right = 646.0
margin_bottom = 133.0
